%--------------------------------------------------------------------------------%
% About the File:
% Description:
%     This file contains the references related to real-time geographically distributed analytics
%
% Created By:   Comden Joshua
% Created On:   Mar 2017
%
% Modification History:
%	
%
%--------------------------------------------------------------------------------%}


%%%%%%%%%%%%%%%%%%%%%%%%%%%%
%% Journals
%%%%%%%%%%%%%%%%%%%%%%%%%%%%

@article{gounaris2008convexity,
  title={Convexity of products of univariate functions and convexification transformations for geometric programming},
  author={Gounaris, CE and Floudas, CA},
  journal={Journal of Optimization Theory and Applications},
  volume={138},
  number={3},
  pages={407--427},
  year={2008},
  publisher={Springer}
}

@article{porn2008global,
  title={Global solution of optimization problems with signomial parts},
  author={P{\"o}Rn, Ray and Bj{\"o}Rk, Kaj-Mikael and Westerlund, Tapio},
  journal={Discrete optimization},
  volume={5},
  number={1},
  pages={108--120},
  year={2008},
  publisher={Elsevier}
}

@article{lawler1973optimal,
  title={Optimal sequencing of a single machine subject to precedence constraints},
  author={Lawler, Eugene L},
  journal={Management science},
  volume={19},
  number={5},
  pages={544--546},
  year={1973},
  publisher={INFORMS}
}

%%%%%%%%%%%%%%%%%%%%%%%%%%%%
%% Conferences
%%%%%%%%%%%%%%%%%%%%%%%%%%%%

@inproceedings{viswanathan2016clarinet,
  title={Clarinet: Wan-aware optimization for analytics queries},
  author={Viswanathan, Raajay and Ananthanarayanan, Ganesh and Akella, Aditya},
  booktitle={12th USENIX Symposium on Operating Systems Design and Implementation (OSDI 16)},
  pages={435--450},
  year={2016},
  organization={USENIX Association}
}

%%%%%%%%%%%%%%%%%%%%%%%%%%%%
%% Books
%%%%%%%%%%%%%%%%%%%%%%%%%%%%

@book{boydconvex,
	Author = {S. Boyd and L. Vandenberghe},
	Publisher = {Combridge University Press },
	Title = {{Convex Optimization}},
	Year = {2004}
}

@book{bertsekas1999nonlinear,
  title={Nonlinear programming},
  author={Bertsekas, Dimitri P},
  year={1999},
  publisher={Athena scientific Belmont}
}

%%%%%%%%%%%%%%%%%%%%%%%%%%%%
%% Websites
%%%%%%%%%%%%%%%%%%%%%%%%%%%%



%%%%%%%%%%%%%%%%%%%%%%%%%%%%
%% Law Citations
%%%%%%%%%%%%%%%%%%%%%%%%%%%%



%%%%%%%%%%%%%%%%%%%%%%%%%%%%
%% Technical Reports
%%%%%%%%%%%%%%%%%%%%%%%%%%%%



%%%%%%%%%%%%%%%%%%%%%%%%%%%%
%% Manual
%%%%%%%%%%%%%%%%%%%%%%%%%%%%



%%%%%%%%%%%%%%%%%%%%%%%%%%%%
%% Lecture notes
%%%%%%%%%%%%%%%%%%%%%%%%%%%%

@misc{boyd2014subgradient,
  author        = {Boyd, Stephen and Park, Jaehyun},
  title         = {Lecture notes on Subgradient Methods},
  organization    = {Stanford University},
  month         = {May},
  year          = {2014}
}

@misc{boyd2014stochsubgradient,
  author        = {Boyd, Stephen and Mutapic},
  title         = {Lecture notes on Stochastic Subgradient Methods},
  organization    = {Stanford University},
  month         = {April},
  year          = {2014}
}